<?xml version="1.0" encoding="UTF-8"?><collection xmlns="http://www.loc.gov/MARC21/slim"><record><leader>00394nam--2200145-i-4500</leader><controlfield tag="001">000013811</controlfield><controlfield tag="002">20161230</controlfield><controlfield tag="005">20170211151013</controlfield><controlfield tag="008">060222s1000------------r-----000-0-eng-d</controlfield><datafield ind1=" " ind2=" " tag="100"><subfield code="a">De Montessus, De Ballore</subfield></datafield><datafield ind1=" " ind2=" " tag="245"><subfield code="a">La science seismologique. les tremblemlents de terre</subfield></datafield><datafield ind1=" " ind2=" " tag="260"><subfield code="a">Paris</subfield><subfield code="b">Librairie Armand Colin</subfield><subfield code="c">1907</subfield></datafield><datafield ind1=" " ind2=" " tag="300"><subfield code="a">579 p</subfield></datafield><datafield ind1=" " ind2=" " tag="852"><subfield code="a">550.34</subfield></datafield><datafield ind1=" " ind2=" " tag="CAT"><subfield code="a">SYS</subfield><subfield code="c">20170211</subfield><subfield code="h">151013</subfield></datafield></record></collection>